2948 5100
342 1191 784 1269 PONTEDERIACEAE
810 1211 844 1266 n.
871 1210 982 1282 sicu,
1007 1210 1122 1265 nnnc,

574 1359 801 1425 Pontedereae
822 1358 901 1426 Kth.

237 1513 355 1582 Flores
378 1515 640 1602 hcrmaphroditi.
687 1516 791 1598 Galyx
821 1515 1037 1598 corollaceus,
1063 1513 1250 1580 infundibub

152 1622 209 1690 vel
229 1622 564 1710 hypocrateriformir,
582 1623 680 1688 limbo
700 1625 806 1710 magis
827 1625 974 1690 minusve
988 1622 1214 1718 irregulariter
1242 1646 1250 1686 s

154 1729 252 1813 fidus,
272 1732 460 1818 plerumque
478 1730 727 1814 subbilabiatus,
746 1733 906 1798 interdum
921 1732 1079 1818 profunde
1100 1731 1250 1817 sexparti

154 1841 389 1904 marcescendo
423 1839 620 1925 persistens3
660 1838 868 1925 praefici-atio
906 1840 1070 1928 spiraliter
1104 1839 1250 1905 convclu

156 1945 281 2030 (Lindl.
305 1953 339 2012 et
360 1945 480 2030 Erunt
521 1945 670 2013 Stamina
691 1949 723 2029 6,
742 1949 849 2034 magis
870 1950 1016 2014 minusve
1038 1947 1242 2032 inaequalia,

155 2052 240 2142 lyeis
267 2055 359 2138 tubo,
378 2055 573 2142 {plerumque
609 2056 740 2122 diversa
769 2056 957 2136 altitudine,
986 2057 1119 2136 inserta,
1154 2056 1250 2122 inter«

155 2162 221 2229 tria
241 2163 406 2229 exteriora
427 2162 525 2250 plane
558 2164 745 2231 obliterata.
796 2163 963 2231 Antherae
992 2165 1207 2248 bileculares,
1245 2165 1250 2230 l

156 2269 267 2336 bilcba
291 2271 425 2355 affixae,
451 2281 595 2355 erectae,
623 2273 798 2356 introrsae,
832 2273 865 2337 in
897 2273 1087 2338 staminibus
1111 2272 1250 2338 breviori

156 2378 315 2458 minores,
342 2379 457 2453 loculis
485 2379 644 2464 parallelo
672 2381 847 2465 contiguis,
880 2382 1059 2445 secundum
1080 2380 1250 2466 longitudit

159 2486 413 2557 dehiscentibus.
460 2485 616 2553 Ovarium
639 2486 769 2571 sessile,
790 2485 925 2553 liberum
945 2488 1012 2573 (vel
1024 2490 1150 2552 demum
1171 2511 1249 2555 cum

157 2593 241 2674 lyeis
269 2595 349 2660 tube
378 2595 498 2681 partim
532 2617 750 2660 concrescens
780 2594 900 2680 Endl.),
933 2596 1120 2662 trilcculare
1149 2596 1205 2661 vel
1233 2619 1250 2661 n

159 2704 261 2788 septis
281 2705 369 2769 axim
396 2703 485 2768 haud
513 2702 768 2789 attingentibus,
797 2725 882 2768 nunc
908 2703 1025 2769 loculis
1053 2705 1179 2769 dnobus
1209 2727 1250 2771 ea

158 2811 274 2877 vacuis
295 2810 645 2898 pseudo-uniloeulare.
689 2809 797 2877 Ovula
819 2810 1026 2896 creberrima,
1054 2811 1218 2898 placentis
1239 2811 1250 2876 l

159 2917 223 3003 bis,
247 2919 279 2984 in
303 2926 416 2985 centro
438 2919 624 3002 conjunctis
643 2917 699 2985 vel
720 2941 741 2984 a
754 2925 866 2983 centro
888 2941 1002 3005 parmn
1017 2919 1250 3025 remotisaffixs

160 3032 329 3113 anatropa,
348 3029 381 3092 in
403 3027 524 3104 erariis
545 3027 664 3093 abortu
689 3026 870 3092 loculorum
898 3029 1030 3092 duorum
1057 3029 1250 3094 uniloculari

160 3134 309 3200 solitaria
350 3145 384 3202 et
419 3138 513 3224 apice
550 3157 722 3223 suspensa.
777 3133 890 3215 Stylus
927 3135 1085 3222 simplex,
1120 3137 1250 3202 termina

159 3243 290 3329 Stigma
313 3243 683 3329 crassiuseulum,.tri·l
704 3242 758 3308 vel
779 3242 931 3308 6-lobum.
980 3242 1121 3309 Fructus
1143 3243 1240 3329 liber,

157 3350 241 3431 lyeis
262 3352 342 3417 tube
369 3353 566 3439 persistente
594 3352 762 3418 tunicatus
792 3353 964 3437 (interdum
994 3375 1066 3417 eum
1097 3352 1213 3418 eodem
1242 3376 1250 3418 ι

159 3454 311 3526 crescens
324 3458 449 3546 Endl.),
468 3483 553 3527 nunc
572 3459 767 3546 crrpsularia
778 3461 814 3522 3-
827 3458 881 3526 vel
892 3462 1250 3546 pseudo-uniloeularis,

159 3567 471 3650 culicid0·trivalvis',
491 3567 597 3634 valvis
616 3567 722 3631 medie
752 3567 914 3653 septiferis
944 3575 978 3633 et
1002 3569 1206 3651 seminiferis,
1230 3591 1250 3636 n

158 3676 355 3757 utricularis,
368 3674 588 3757 unilocularis,
603 3697 861 3762 moncspermus,
875 3676 1089 3742 indehiscens.
1123 3676 1250 3743 Semina

160 3784 325 3870 elliptica,t
347 3783 609 3849 costato-striata
638 3783 758 3868 (laevia
786 3783 818 3847 in
851 3782 1049 3850 Pontederia
1077 3787 1224 3869 cordata,

158 3892 285 3978 Rasa),
312 3893 377 3958 hilo
399 3889 533 3969 basilari
552 3913 655 3976 parvo
682 3899 717 3956 ct
739 3892 877 3957 chalaza
904 3892 1063 3957 terminali
1089 3895 1250 3960 crassius<

158 4006 284 4073 notata.
325 4000 433 4066 Testa
450 4000 568 4083 tenuis,
600 3996 752 4064 albumini
781 3999 995 4063 adhaerensl.
1047 3999 1189 4089 Embrye
1218 4027 1250 4090 c>

225 4274 251 4343 ⁸)
268 4273 356 4329 Ovula
372 4273 512 4341 bisetium,
530 4282 623 4331 erecta
638 4282 666 4331 et
682 4275 800 4331 inversa.
815 4274 894 4333 liudi.¹

214 4367 250 4436 ⁰⁰)
267 4365 378 4428 Semina
397 4365 592 4428 adscendentis
611 4369 656 4422 rel
675 4367 794 4431 inversa.
810 4366 891 4429 Endl.
