2948 5100
89 825 477 922 ENUMERATIO
530 829 891 918 PLANTARUM
954 827 1185 921 OMNIUM

267 943 570 1046 HUCUSQUE
611 945 1011 1036 COGNITARUM.

250 1257 504 1331 XYRIDEAE
520 1261 553 1351 *)
579 1277 741 1349 uanam,
767 1278 889 1349 casia,
910 1278 1022 1332 annu.

59 1400 194 1532 Floras
219 1469 321 1533 dense
344 1469 473 1554 spicati,
504 1468 767 1556 hermaphroditi‚
800 1471 920 1557 singuli
948 1490 1086 1557 squama
1114 1470 1219 1556 (brac-

58 1579 125 1660 tea)
153 1578 280 1663 stipati.
335 1576 443 1658 Galyx
471 1580 603 1663 duplex,
633 1587 769 1667 uterque
794 1579 992 1665 trisepalus3
1023 1579 1138 1664 sepala
1166 1603 1219 1645 ex-

58 1686 178 1750 teriora
206 1686 361 1751 lateralia
393 1688 560 1770 carinata,
589 1688 779 1773 glumacea,
812 1688 1043 1774 persistentia,
1076 1689 1219 1755 anticum

58 1794 198 1859 tenerius
229 1802 263 1858 et
291 1794 393 1858 multo
421 1799 547 1878 majus,
580 1795 781 1879 coloratum,
807 1798 840 1862 in
870 1796 1040 1862 alabastro
1071 1797 1219 1880 calycem

58 1903 241 1968 interiorem
263 1925 421 1967 unacum
452 1903 663 1988 genitalibus,
693 1905 865 1991 calyptrae
892 1906 1009 1988 instar,
1034 1905 1217 1991 involvens,

61 2036 140 2077 mox
168 2013 336 2094 caducum,
365 2012 470 2076 rarius
501 2010 708 2090 delicicnst;¹
734 2013 890 2078 interiora
924 2014 1122 2100 petaloidea,
1150 2014 1219 2080 lon·

59 2121 195 2207 gissimc
214 2120 436 2206 unguiculata,
461 2120 635 2205 aequalia3
669 2121 831 2206 unguibus
859 2123 983 2202 liberis,
1014 2124 1142 2187 nonnisi
1175 2126 1219 2189 ad

56 2231 181 2317 apicem
211 2252 273 2316 ope
306 2229 573 2294 staminodiorum
610 2229 879 2311 cohaerentibus,
911 2231 1017 2295 rarius
1045 2231 1079 2293 in
1106 2230 1219 2298 tubum

56 2339 225 2415 connatis,
247 2337 376 2401 laminis
388 2337 460 2401 basi
484 2337 708 2418 staminiferis,
730 2338 978 2424 patentissimis,
1002 2338 1033 2401 in
1046 2338 1218 2404 alabastro

55 2448 235 2514 imbricatis
257 2452 291 2510 et
311 2445 701 2532 corrugatocrispatulis.
745 2445 895 2512 Stamina
907 2446 1030 2512 fertilia
1052 2449 1083 2528 3,
1102 2447 1215 2513 libera.

55 2557 223 2624 Antherae
251 2554 462 2635 biloculares,
490 2554 656 2641 posticae3
687 2555 803 2620 loculis
839 2555 1015 2642 elongatis,
1042 2554 1218 2640 contiguis,

10 2676 15 2725 ῐ
56 2666 224 2732 rarissime
244 2664 426 2728 connexivo
455 2663 648 2748 interposito
670 2662 797 2728 inferne
818 2686 934 2748 parum
958 2664 1214 2750 divergentibus,

64 2776 235 2839 secundum
265 2770 500 2857 longitudinem
539 2770 792 2835 dehiscentibus.
849 2770 1055 2837 Staminodia
1083 2774 1115 2855 3,
1144 2796 1218 2837 cum

62 2883 249 2948 staminibus
273 2879 433 2945 fertilibus
456 2878 666 2960 alternantia,
688 2879 875 2965 hypogyna,
902 2881 1017 2961 libera,
1042 2880 1218 2962 filiformia,

10 3002 18 3067 'r
61 2994 151 3079 apice
171 2988 273 3055 bifida
289 2995 322 3052 et
334 2987 495 3074 plumosa,
506 2991 548 3053 ad
561 2987 733 3053 divortium
746 2988 937 3053 laciniarum
949 2987 1078 3054 laminis
1093 2991 1219 3077 sepolc-

10 3070 19 3167 l
61 3126 127 3167 rum
148 3098 339 3164 interiorum
354 3096 518 3181 contiguis
536 3097 679 3175 adnata,
700 3097 806 3161 rarius
829 3097 929 3161 nulla.
964 3097 1121 3163 Ovarium
1141 3098 1219 3164 libe-

59 3234 137 3292 rum,
148 3206 279 3287 sessile,
287 3205 354 3269 uni-
371 3205 426 3270 vel
438 3205 546 3289 magis
558 3205 706 3270 minusve
719 3205 880 3290 complete
893 3204 1099 3283 triloculare;
1116 3207 1219 3293 carpi-

63 3321 111 3384 dia
130 3316 253 3403 sepalis
278 3312 495 3380 exterioribus
517 3314 678 3399 opposita.
729 3312 836 3377 Ovula
862 3311 989 3392 crebra,
1012 3312 1144 3376 sessilis
1164 3313 1219 3378 vel

19 3466 23 3549 p
63 3427 250 3513 saepissime
271 3425 303 3488 in
326 3422 479 3487 funiculis
501 3421 718 3507 longiusculis
742 3427 868 3501 crecta,
890 3420 1094 3506 orthotropa.
1142 3418 1219 3500 Sty·

20 3564 23 3571 ·
63 3537 106 3601 lus
127 3531 322 3612 terminalis,
344 3530 440 3616 apice
461 3529 600 3594 trifidus.
647 3529 814 3615 Stigmata
841 3527 1012 3615 simplicia,
1040 3529 1146 3594 rarius
1173 3529 1220 3594 bi·

21 3624 26 3677 l
67 3647 109 3710 rel
134 3642 307 3708 multifida.
357 3637 505 3723 Capsula
533 3638 786 3703 membranacea
822 3637 874 3702 vel
900 3657 1108 3722 papyracea,
1138 3638 1217 3720 uni,

64 3754 160 3818 rarius
190 3751 300 3835 magis
326 3748 475 3812 minusve
503 3745 726 3828 trilocularis,
752 3746 926 3811 loculicide
955 3744 1115 3810 trivalvis
1160 3744 1219 3811 Se-

62 3865 144 3929 mina
169 3860 301 3942 crebra,
326 3859 358 3921 in
380 3853 534 3919 funiculis
559 3861 683 3937 erecta,
713 3854 859 3940 elliptica
885 3852 938 3918 vel
969 3852 1124 3937 oblonga,
1153 3854 1220 3940 ple-

61 3994 190 4060 rumque
215 3966 391 4045 costulata,
414 3954 521 4027 rarius
545 3961 677 4026 sessilia
708 3970 741 4028 et
763 3961 933 4047 angulata.
988 3957 1094 4025 'l'esta
1116 3959 1218 4024 coria-

62 4103 130 4161 cea,
159 4078 278 4143 nucleo
308 4076 445 4139 adnata.
493 4067 637 4149 Embryo
659 4069 819 4151 minimuS,
846 4066 1062 4148 lenticularis,
1085 4067 1220 4132 antitro·

60 4213 129 4276 pus,
149 4190 182 4253 in
203 4183 377 4252 albmniuis
397 4177 528 4245 carnosi
541 4177 750 4243 extremitate
774 4200 795 4242 a
820 4177 884 4243 hilo
908 4200 927 4242 e
946 4177 1104 4242 diametro
1123 4197 1221 4261 oppo·
1283 4250 1287 4257 ,

121 4415 146 4480 ⁰)
165 4412 264 4466 Mense
281 4410 360 4464 Junii
378 4410 443 4465 1841
463 4411 537 4483 typis
556 4408 676 4465 describi
695 4413 816 4478 coeptae.

88 4493 207 4550 Kunrx.
220 4494 351 4551 anors.
364 4492 413 4551 IV.
922 4472 939 4559 [
963 4477 978 4537 t
1003 4471 1020 4558 ]
